@misc{g-reader,
      author = "Google Inc.",
      title = "Google Reader",
      month = "October",
      year = "2012",
      howpublished = "\url{http://reader.google.com}",
      url = "http://reader.google.com"
}

@misc{reeder,
      author = "Reeder",
      title = "Reeder",
      month = "October",
      year = "2012",
      howpublished = "\url{http://http://reederapp.com}",
      url = "http://http://reederapp.com"
}

@misc{feedly,
      author = "feedly",
      title = "feedly. a news reader for creative minds.",
      month = "October",
      year = "2012",
      howpublished = "\url{http://www.feedly.com}",
      url = "http://www.feedly.com"
}

@misc{rss-spec,
      author = "RSS Advisory Board",
      title = "RSS 2.0 Specification (version 2.0.11)",
      month = "October",
      year = "2012",
      howpublished = "\url{http://www.rssboard.org/rss-specification}",
      url = "http://www.rssboard.org/rss-specification"
}

@misc{android,
      author = "Google Inc.",
      title = "Android",
      month = "October",
      year = "2012",
      howpublished = "\url{http://www.android.com}",
      url = "http://www.android.com"
}

@misc{android-perm,
      author = "Google Inc.",
      title = "Permissions | Android Developers",
      month = "October",
      year = "2012",
      howpublished = "\url{http://developer.android.com/guide/topics/security/permissions.html}",
      url = "http://developer.android.com/guide/topics/security/permissions.html"
}

@misc{atom,
      author = "M. Nottingham, R. Sayre",
      title = "The Atom Syndication Format",
      month = "October",
      year = "2012",
      howpublished = "\url{http://www.ietf.org/rfc/rfc4287.txt}",
      url = "http://www.ietf.org/rfc/rfc4287.txt"
}

@misc{android-ndk,
      author = "Google Inc.",
      title = "Android NDK | Android Developers",
      month = "October",
      year = "2012",
      howpublished = "\url{http://developer.android.com/tools/sdk/ndk/index.html}",
      url = "http://developer.android.com/tools/sdk/ndk/index.html"
}

@misc{android-sdk,
      author = "Google Inc.",
      title = "Exploring the SDK | Android Developers",
      month = "October",
      year = "2012",
      howpublished = "\url{http://developer.android.com/sdk/exploring.html}",
      url = "http://developer.android.com/sdk/exploring.html"
}

@misc{android-adt,
      author = "Google Inc.",
      title = "ADT Plugin | Android Developers",
      month = "October",
      year = "2012",
      howpublished = "\url{http://developer.android.com/tools/sdk/eclipse-adt.html}",
      url = "http://developer.android.com/tools/sdk/eclipse-adt.html"
}

@misc{dev-cost,
      author = "Steve Mezak",
      title = "The Cost of Global Software Development",
      month = "October",
      year = "2012",
      howpublished = "\url{http://www.stevemezak.com/?p=61}",
      url = "http://www.stevemezak.com/?p=61"
}

@misc{comp-cost,
      author = "Avram Piltch",
      title = "Average Price of Laptop Now Just \$8 More than iPad",
      month = "April",
      year = "2012",
      howpublished = "\url{http://blog.laptopmag.com/the-average-pc-laptop-cost-507-in-march}",
      url = "http://blog.laptopmag.com/the-average-pc-laptop-cost-507-in-march"
}

@misc{internet-cost,
      author = "Numbeo",
      title = "Cost of Living in Seoul, South Korea",
      month = "October",
      year = "2012",
      howpublished = "\url{http://www.numbeo.com/cost-of-living/city_result.jsp?country=South+Korea&city=Seoul&displayCurrency=USD}",
      url = "http://www.numbeo.com/cost-of-living/city_result.jsp?country=South+Korea&city=Seoul&displayCurrency=USD"
}

@misc{eclipse-cost,
      author = "The Eclipse Foundation",
      title = "Eclipse Public License - v 1.0",
      month = "October",
      year = "2012",
      howpublished = "\url{http://www.eclipse.org/legal/epl-v10.html}",
      url = "http://www.eclipse.org/legal/epl-v10.html"
}