@misc{g-reader,
      author = "Google Inc.",
      title = "Google Reader",
      month = "October",
      year = "2012",
      howpublished = "\url{http://reader.google.com}",
      url = "http://reader.google.com"
}

@misc{reeder,
      author = "Reeder",
      title = "Reeder",
      month = "October",
      year = "2012",
      howpublished = "\url{http://http://reederapp.com}",
      url = "http://http://reederapp.com"
}

@misc{feedly,
      author = "feedly",
      title = "feedly. a news reader for creative minds.",
      month = "October",
      year = "2012",
      howpublished = "\url{http://www.feedly.com}",
      url = "http://www.feedly.com"
}

@misc{rss-spec,
      author = "RSS Advisory Board",
      title = "RSS 2.0 Specification (version 2.0.11)",
      month = "October",
      year = "2012",
      howpublished = "\url{http://www.rssboard.org/rss-specification}",
      url = "http://www.rssboard.org/rss-specification"
}

@misc{android,
      author = "Google Inc.",
      title = "Android",
      month = "October",
      year = "2012",
      howpublished = "\url{http://www.android.com}",
      url = "http://www.android.com"
}

@misc{android-perm,
      author = "Google Inc.",
      title = "Permissions | Android Developers",
      month = "October",
      year = "2012",
      howpublished = "\url{http://developer.android.com/guide/topics/security/permissions.html}",
      url = "http://developer.android.com/guide/topics/security/permissions.html"
}

@misc{atom,
      author = "M. Nottingham, R. Sayre",
      title = "The Atom Syndication Format",
      month = "October",
      year = "2012",
      howpublished = "\url{http://www.ietf.org/rfc/rfc4287.txt}",
      url = "http://www.ietf.org/rfc/rfc4287.txt"
}
